@book{texbook,
  author = {Donald E. Knuth},
  year = {1986},
  title = {The \TeX{} Book},
  publisher = {Addison-Wesley Professional}
}

@book{latex:companion,
  author = {Frank Mittelbach and Michel Gossens
            and Johannes Braams and David Carlisle
            and Chris Rowley},
  year = {2004},
  title = {The \LaTeX{} Companion},
  publisher = {Addison-Wesley Professional},
  edition = {2}
}

@misc{InternetGeography:Bradshaw,
    author = {{Internet Geogrpahy}},
    title = {{The Bradshaw Model}},
    year = {{n.d.}},
    note = {[Online; accessed January 20, 2020]},
    url = {https://www.internetgeography.net/wp-content/uploads/2018/08/The-Bradshaw-Model.png}
}

@misc{GreensCreek:Map,
    author = {{ArcGIS}},
    title = {{Green's Creek River Locations}},
    year = {{2019}},
    note = {[Online; accessed November 2, 2019]},
    url = {https://onedu.maps.arcgis.com/home/item.html?id=184c4873c68f4a68a09df9c361bd9956}
}

@misc{Photo:Ramsayville,
    author = {{Jeffrey Li}},
    title = {{Ramsayville Location}},
    year = {{2019}},
    month = {May},
    date = {28},
    type={Photo},
    note = {[Photo taken at Ramsayville Road, Ottawa]},
}
@misc{Photo:BridgeLocation,
    author = {{Ethan Wu}},
    title = {{Bridge Location}},
    year = {{2019}},
    month = {May},
    date = {28},
    type={Photo},
    note = {[Photo taken at Bridge Location, Ottawa]},
}

@misc{Photo:GolfCourseLocation,
    author = {{Sam Lu}},
    title = {{Golf Course Location}},
    year = {{2019}},
    month = {May},
    date = {28},
    type={Photo},
    note = {[Photo taken at Golf Course Location, Ottawa]},
}

@misc{Photo:NormalWaterLevel,
    author = {{Jeffrey Li}},
    title = {{Ramsayville During Spring}},
    year = {{2019}},
    month = {May},
    date = {28},
    type={Photo},
    note = {[Photo taken at Ramsayville Road, Ottawa]},
}

@misc{Photo:FloodedWaterLevel,
    author = {{Jeffrey Li}},
    title = {{Ramsayville During Fall}},
    year = {{2019}},
    month = {Oct},
    date = {2},
    type={Photo},
    note = {[Photo taken at Ramsayville Road, Ottawa]},
}


@misc{GeographyFieldwork:Significance,
    author = {{Barcelona Field Study Centre}},
    title = {{Spearman's Rank Significance Graph}},
    year = {2020},
    note = {[Online; accessed January 20, 2020]},
    url = {https://geographyfieldwork.com/SpearmansRank8.gif}
}
@book{latex2e,
  author = {Leslie Lamport},
  year = {1994},
  title = {\LaTeX: a Document Preparation System},
  publisher = {Addison Wesley},
  address = {Massachusetts},
  edition = {2}
}
@book{LatexBook,
  author = {Leslie Lamport},
  year = {1994},
  title = {\LaTeX: a Document Preparation System},
  publisher = {Addison Wesley},
  address = {Massachusetts},
  edition = {2}
}
@article{knuth:1984,
  title={Literate Programming},
  author={Donald E. Knuth},
  journal={The Computer Journal},
  volume={27},
  number={2},
  pages={97--111},
  year={1984},
  publisher={Oxford University Press}
}

@inproceedings{lesk:1977,
  title={Computer Typesetting of Technical Journals on {UNIX}},
  author={Michael Lesk and Brian Kernighan},
  booktitle={Proceedings of American Federation of
             Information Processing Societies: 1977
             National Computer Conference},
  pages={879--888},
  year={1977},
  address={Dallas, Texas}
}
@book{LinearAlgebra,
  title={Applied Linear Algebra},
  author={James W. Daniel and Ben Noble},
  year={1988},
  publisher={Englewood Cliffs},
  address={NJ},
  edition={3rd}
}
@book{AdvancedCalculus,
  title={Advanced Calculus},
  edition={3rd},
  author={Angus E. Taylor and W. Robert Mann},
  year={1983},
  publisher={John Wiley and Sons, Inc.},
}
@article{Lyapunov:1992,
  author="Aleksandr Mikhailovich Lyapunov",
  title           = {The General Problem of the Stability of Motion. },
  journal         = {Control Theory and Applications Series},
  volume          = {55},
  number          = {3},
  year            = {1992}
}
@article{Lykov:2018,
  author={Lykov, A. and Malyshev, V.},
  title={Convergence to equilibrium due to collisions with external particles},
  year={2018}
}
@article{DiPerna:1989,
author={DiPerna, R. J. and Lions, P. L.},
title={On the Cauchy Problem for Boltzmann Equations: Global Existence and Weak Stability},
journal = {Annals of Mathematics, Second Series},
volume={130},
number={2},
pages           = {321-366},
year={1989}
}
@misc{Calogero:Notes,
  author       = {Calogero, S.},
  title        = {Lecture Notes on Boltzmann's Equation},
  howpublished = {Retrieved from http://www.math.chalmers.se/~calogero/Boltzman_notes.pdf},
  year         = {2020}
}

@article{GibbsVsBoltzmannEntropies,
  author={Jaynes, E. T.},
  title={Gibbs vs Boltzmann Entropies},
  journal={American Journal of Physics},
  volume={33},
  number          = {5},
  pages           = {391-398},  
  year={1965}
}

@article{BGK_Collision_Model,
author = {Gallis, M. and Torcyznski, J.},
year = {2000},
month = {12},
pages = {},
title = {An Improved BGK-Type Collision-Term Model for Direct Simulation Monte Carlo (DSMC) Methods},
journal = {Physics of Fluids}
}